@string{ITNN = "IEEE Transactions on Neural Networks"}
@string{PAMI = "IEEE Transactions on Pattern Analysis and Machine Intelligence"}
@string{SMC = "IEEE Transactions on System, Man, and Cybernetics"}

@misc{Umweltbundesamt,
  author       = {Umweltbundesamt}, 
  title        = {Endenergieverbrauch der privaten Haushalte},
  howpublished = {Online},
  month        = {July},
  year         = {2020},
  note				 = {https://www.umweltbundesamt.de/daten/private-haushalte-konsum/wohnen/energieverbrauch-privater-haushalte/}
}

@misc{Umweltbundesamt1,
  author       = {Umweltbundesamt}, 
  title        = {Energieverbrauch nach Energietr√§gern und Sektoren},
  howpublished = {Online},
  month        = {March},
  year         = {2022},
  note				 = {https://www.umweltbundesamt.de/daten/energie/energieverbrauch-nach-energietraegern-sektoren}
}

@misc{IPPR,
  author       = {Lucia Hanfstaengl and Michael Parzinger and Markus Wirnsberger and Uli Spindler and Ulrich Wellisch},
  title        = {Identifying the Presence of People in a Room Based on Machine Learning Techniques Using Data of Room Control Systems},
  howpublished = {Conference},
  month        = {April},
  year         = {2019}
}
